<record><leader>00000cas a2200000 a 4500</leader><controlfield tag="001">7930249</controlfield><controlfield tag="008">811112c19uu9999ohudn ne      0   a0eng d</controlfield><datafield ind1=" " ind2=" " tag="010"><subfield code="a">sn 81002274 </subfield></datafield><datafield ind1=" " ind2=" " tag="040"><subfield code="a">NSD</subfield><subfield code="b">eng</subfield><subfield code="c">NSD</subfield><subfield code="d">OCL</subfield><subfield code="d">OCLCQ</subfield></datafield><datafield ind1=" " ind2=" " tag="012"><subfield code="m">1</subfield></datafield><datafield ind1="1" ind2=" " tag="022"><subfield code="a">0279-5124</subfield><subfield code="l">0279-5124</subfield><subfield code="2">1</subfield></datafield><datafield ind1=" " ind2=" " tag="032"><subfield code="a">269960</subfield><subfield code="b">USPS</subfield></datafield><datafield ind1=" " ind2=" " tag="042"><subfield code="a">nsdp</subfield></datafield><datafield ind1=" " ind2="4" tag="222"><subfield code="a">The Ironton tribune</subfield></datafield><datafield ind1="0" ind2="4" tag="245"><subfield code="a">The Ironton tribune.</subfield></datafield><datafield ind1=" " ind2=" " tag="260"><subfield code="a">[Ironton, Ohio :</subfield><subfield code="b">Ironton Publications]</subfield></datafield><datafield ind1=" " ind2=" " tag="310"><subfield code="a">Daily (except Saturdays and Christmas, Memorial Day, Independence, and Labor Day,</subfield><subfield code="b">&lt;July 15, 1982-&gt;</subfield></datafield><datafield ind1=" " ind2=" " tag="321"><subfield code="a">Daily (except Saturdays and holidays, excluding Thanksgiving)</subfield></datafield><datafield ind1=" " ind2=" " tag="588"><subfield code="a">Description based on: 134th year, 23rd issue (Mon., Sept. 28, 1981); title from caption.</subfield></datafield><datafield ind1=" " ind2=" " tag="936"><subfield code="a">July, 15, 1982</subfield></datafield></record>